Month,Sales
2022-01,702
2022-02,1944
2022-03,1479
2022-04,1723
2022-05,1551
2022-06,455
2022-07,1152
2022-08,985
2022-09,2117
2022-10,922
2022-11,1503
2022-12,1810
2023-01,1757
2023-02,3351
2023-03,3426
2023-04,3507
2023-05,2531
2023-06,3451
2023-07,1813
2023-08,2682
2023-09,3545
2023-10,2226
2023-11,2876
2023-12,3723
2024-01,3896
2024-02,3707
2024-03,4649
2024-04,4014
2024-05,4571
2024-06,3626
2024-07,4687
2024-08,3514
2024-09,3948
2024-10,4906
2024-11,4385
